@book{Quade2015,
	address = {Heidelberg},
	author = {Quade, J\"{u}rgen AND Kunst, Eva-Katharina},
	edition = {4. akt. und erw. Aufl.},
	isbn = {978-3-864-90288-8},
	publisher = {Dpunkt.Verlag GmbH},
	title = {{Linux-Treiber entwickeln - Eine systematische Einf\"{u}hrung in die Ger\"{a}tetreiber- und Kernelprogrammierung - jetzt auch f\"{u}r Raspberry Pi}},
	year = {2015}
}

@misc{archarm,
	website = http://archlinuxarm.org/platforms/armv7/ti/beaglebone-black,
	title = {{Archlinux ARM Beaglebone Black}}
}

@misc{bbbkernel,
	website = http://wiki.beyondlogic.org/index.php/BeagleBoneBlack_Building_Kernel,
	title = {{Building Beaglebone Black Kernel}}
}

@misc{kernelnewbies,
	website = http://wiki.beyondlogic.org/index.php/BeagleBoneBlack_Building_Kernel,
	editor = {Barke, Shraddha},
	month = oct,
	title = {{Kernel Build}},
	year = {2015}
}

@misc{serialoverusb,
	website = http://hipstercircuits.com/serial-over-usb-on-beaglebone/,
	title = {{Serial over USB on Beaglebone Black}}
}

@misc{systemd,
	website = http://patrakov.blogspot.de/2011/01/writing-systemd-service-files.html,
	author = {Patrakov, Alexander},
	month = jan,
	title = {{Writing Systemd Files}},
	year = {2011}
}

@proceedings{freeelectronsSerialDriver,
	website = http://free-electrons.com/doc/serial-drivers.pdf,
	author = {Petazzoni, Thomas},
	month = dec,
	organization = {Free Electrons},
	publisher = {F},
	title = {{Serial Drivers}},
	year = {2010}
}

@proceedings{freeelectronsSerialController,
	website = http://free-electrons.com/doc/serial-drivers-lab.pdf,
	organization = {Free Electrons},
	title = {{Kernel -Serial controller device driver programming}}
}

@book{Corbet2005,
	website = https://static.lwn.net/images/pdf/LDD3/ch18.pdf,
	address = {Sebastopol},
	author = {Corbet, Jonathan AND Rubini, Alessandro AND Kroah-Hartman, Greg},
	edition = {},
	isbn = {978-0-596-55538-2},
	publisher = {"O'Reilly Media, Inc."},
	title = {{Linux Device Drivers - }},
	year = {2005}
}

@misc{kerneldocLLSerialAPI,
	website = https://www.kernel.org/doc/Documentation/serial/driver,
	title = {{Low Level Serial API}}
}

@misc{serialcore.h,
	organization = {Deep Blue Solutions Ltd.},
	title = {{serial\_core.h}},
	year = {2000}
}

@misc{elinuxDevTree,
	website = http://elinux.org/Linux_Drivers_Device_Tree_Guide,
	title = {{Linux Drivers Device Tree Guide}}
}

@misc{kroahSysfs,
	website = http://kroah.com/log/blog/2013/06/26/how-to-create-a-sysfs-file-correctly/,
	author = {Kroah-Hartman, Greg},
	month = jun,
	title = {{How to Create a sysfs File Correctly}},
	year = {2013}
}

@techreport{waveshareMan,
	website = http://www.waveshare.com/w/upload/7/71/4.3inch-e-Paper-UserManual.pdf,
	month = apr,
	organization = {waveshare},
	title = {{4.3inch e-Paper User Manual}},
	year = {2015}
}

