%% This BibTeX bibliography file was created using BibDesk.
%% http://bibdesk.sourceforge.net/

%% Created for Anna-Lena Marx at 2015-08-11 11:06:39 +0200 


%% Saved with string encoding Unicode (UTF-8) 



@misc{project-ara,
	Author = {Google},
	Date-Added = {2015-08-11 08:04:14 +0000},
	Date-Modified = {2015-08-11 08:05:00 +0000},
	Howpublished = {Website},
	Lastchecked = {2015-08-10},
	Title = {Project Ara},
	Url = {http://www.projectara.com/},
	Year = {2015}}

@misc{molloy-device-tree-overlay,
	Author = {Derek Molloy},
	Date-Added = {2015-08-11 08:00:21 +0000},
	Date-Modified = {2015-08-11 08:02:18 +0000},
	Howpublished = {Blog},
	Lastchecked = {2015-08-10},
	Month = {06},
	Title = {GPIOs on the Beaglebone Black using Device Tree Overlays},
	Url = {http://derekmolloy.ie/gpios-on-the-beaglebone-black-using-device-tree-overlays/},
	Year = {2013}}

@article{linux-magazin-device-tree,
	Author = {J{\"u}rgen Quade and Eva-Katharina Kunst },
	Date-Added = {2015-08-11 07:57:22 +0000},
	Date-Modified = {2015-08-11 09:04:11 +0000},
	Journal = {Linux-Magazin},
	Lastchecked = {2015-08-10},
	Number = {06/2013},
	Title = {Kernel- und Treiberprogrammierung mit dem Linux-Kernel - Folge 68},
	Url = {http://www.linux-magazin.de/Ausgaben/2013/06/Kern-Technik},
	Year = {2013}}

@misc{device-drivers,
	Author = {Unknown},
	Date-Added = {2015-08-11 07:53:37 +0000},
	Date-Modified = {2015-08-11 09:03:48 +0000},
	Howpublished = {Kernel Documentation},
	Lastchecked = {2015-08-10},
	Title = {Device Drivers},
	Url = {https://www.kernel.org/doc/htmldocs/device-drivers/},
	Year = {2015}}

@misc{linux-kernel-prog-guide,
	Author = {Peter Jay Salzman and Ori Pomerantz},
	Date-Added = {2015-08-11 07:50:13 +0000},
	Date-Modified = {2015-08-11 09:04:22 +0000},
	Howpublished = {Website},
	Lastchecked = {2015-08-10},
	Month = {04},
	Title = {The Linux Kernel Module Programming Guide},
	Url = {http://www.tldp.org/LDP/lkmpg/2.4/html/},
	Year = {2003}}

@misc{dev-directory,
	Author = {Sebastian Hetze and Dirk Hohndel and Olaf Kirch and Martin M{\"u}ller},
	Date-Added = {2015-08-11 07:43:52 +0000},
	Date-Modified = {2015-08-11 09:05:06 +0000},
	Howpublished = {Book, Website},
	Lastchecked = {2015-08-10},
	Publisher = {LunetIX},
	Title = {Das Linux Anwender Handbuch},
	Url = {http://www.64-bit.de/dokumentationen/linux/002/node13.html},
	Year = {1997}}

@misc{services,
	Author = {Google},
	Date-Added = {2015-08-11 07:42:13 +0000},
	Date-Modified = {2015-08-11 07:42:56 +0000},
	Howpublished = {Website},
	Lastchecked = {2015-08-10},
	Title = {Services},
	Url = {http://developer.android.com/guide/components/services.html}}

@mastersthesis{a-dahmen,
	Author = {Alexander Dahmen},
	Date-Added = {2015-08-11 07:39:41 +0000},
	Date-Modified = {2015-08-11 07:41:12 +0000},
	Month = {07},
	School = {Hochschule Pforzheim},
	Title = {Einbindung von Hardware unter Android},
	Year = {2014}}

@misc{input-drivers,
	Author = {Vojtech Pavlik},
	Date-Added = {2015-08-11 07:36:52 +0000},
	Date-Modified = {2015-08-11 08:38:51 +0000},
	Howpublished = {Kernel Documentation},
	Lastchecked = {2015-08-10},
	Title = {Programming input drivers},
	Url = {https://www.kernel.org/doc/Documentation/input/input.txt},
	Year = {2001}}

@misc{sensors,
	Author = {Google},
	Date-Added = {2015-08-11 07:26:56 +0000},
	Date-Modified = {2015-08-11 07:29:21 +0000},
	Howpublished = {Website},
	Lastchecked = {2015-08-10},
	Title = {Sensors},
	Url = {https://source.android.com/devices/sensors/index.html},
	Bdsk-Url-1 = {https://source.android.com/devices/sensors/index.html}}

@misc{sensor.h-source,
	Author = {Google},
	Date-Added = {2015-08-10 14:18:39 +0000},
	Date-Modified = {2015-08-11 07:22:08 +0000},
	Howpublished = {Website},
	Lastchecked = {2015-08-10},
	Title = {Sensor.h Source},
	Url = {https://source.android.com/devices/halref/sensors_8h_source.html},
	Urldate = {2015-08-10},
	Bdsk-Url-1 = {https://source.android.com/devices/halref/sensors_8h_source.html}}

@misc{sensor-porting-guide,
	Author = {TexasInstruments},
	Date-Added = {2015-08-10 14:17:03 +0000},
	Date-Modified = {2015-08-11 09:06:32 +0000},
	Howpublished = {Wiki},
	Lastchecked = {2015-08-10},
	Title = {Android Sensor Porting Guide},
	Url = {http://processors.wiki.ti.com/index.php/Android_Sensor_PortingGuide},
	Urldate = {2015-08-10},
	Year = {2012},
	Bdsk-Url-1 = {http://processors.wiki.ti.com/index.php/Android_Sensor_PortingGuide}}

@misc{sensors-overview,
	Author = {Google},
	Date-Added = {2015-08-10 14:14:55 +0000},
	Date-Modified = {2015-08-11 07:22:45 +0000},
	Howpublished = {Website},
	Lastchecked = {2015-08-10},
	Title = {Sensors Overview},
	Url = {https://developer.android.com/guide/topics/sensors/sensors_overview.html},
	Urldate = {2015-08-10},
	Year = {2015},
	Bdsk-Url-1 = {https://developer.android.com/guide/topics/sensors/sensors_overview.html}}

@misc{hal-interface,
	Author = {Google},
	Date-Added = {2015-08-10 14:12:35 +0000},
	Date-Modified = {2015-08-11 07:21:59 +0000},
	Howpublished = {Website},
	Lastchecked = {2015-08-10},
	Rating = {1},
	Read = {0},
	Title = {HAL Interface},
	Url = {https://source.android.com/devices/sensors/hal-interface.html},
	Urldate = {2015-08-10},
	Bdsk-Url-1 = {https://source.android.com/devices/sensors/hal-interface.html}}

@book{linux-device-drivers,
	Author = {Jonathan Corbet and Alessandro Rubini and Greg Kroah-Hartman},
	Isbn = {0596005903},
	Publisher = {O'Reilly Media},
	Title = {Linux Device Drivers, 3rd Edition},
	Year = {2005}}
